<?xml version="1.0" encoding="UTF-8"?><collection xmlns="http://www.loc.gov/MARC21/slim"><record><leader>00477nam--2200145-i-4500</leader><controlfield tag="001">000012571</controlfield><controlfield tag="002">20161230</controlfield><controlfield tag="005">20161230201029</controlfield><controlfield tag="008">060222s1000------------r-----000-0-eng-d</controlfield><datafield ind1=" " ind2=" " tag="080"><subfield code="a">517.1(076.1)</subfield></datafield><datafield ind1=" " ind2=" " tag="100"><subfield code="a">Arama, Lia Si Morozan, Teodor</subfield></datafield><datafield ind1=" " ind2=" " tag="245"><subfield code="a">Probleme de calcul diferential si integral seria culegeri de probleme de matematica si fizica, 1978 . editia a treia</subfield></datafield><datafield ind1=" " ind2=" " tag="260"><subfield code="a">Bucuresti, Editura Tehnica, 1978 405 P</subfield></datafield><datafield ind1=" " ind2=" " tag="852"><subfield code="a">45832</subfield><subfield code="c">517</subfield></datafield><datafield ind1=" " ind2=" " tag="CAT"><subfield code="a">Sys</subfield><subfield code="c">20080707</subfield><subfield code="h">081908</subfield></datafield></record></collection>